% -------------------------------------------------------
%                   GENERAL INFO
% -------------------------------------------------------

@misc{Twitter_blog,
    author={Tray McGraw},
    title={Así hemos vivido juntos el 2020 en Twitter},
    url = {https://blog.twitter.com/es_es/topics/insights/2020/asi-hemos-vivido-juntos-el-2020-en-twitter.html},
    year=2020,
    month = {December}
}

% -------------------------------------------------------
%                   REFERENCIAS P1
% -------------------------------------------------------
@article{TrendTopicsDetectionFromTwitter,
author = {Madani, Amina and Boussaid, Omar and Djamel Eddine, Zegour},
year = {2015},
month = {10},
pages = {},
title = {Real-time trending topics detection and description from Twitter content},
volume = {5},
journal = {Social Network Analysis and Mining},
doi = {10.1007/s13278-015-0298-5}
}

@article{ReviewApproachesTopcicDetection,
author = { Zeynab   Mottaghinia  and  Mohammad-Reza   Feizi-Derakhshi  and  Leili   Farzinvash  and  Pedram   Salehpour },
title = {A review of approaches for topic detection in Twitter},
journal = {Journal of Experimental \& Theoretical Artificial Intelligence},
volume = {0},
number = {0},
pages = {1-27},
year  = {2020},
publisher = {Taylor & Francis},
doi = {10.1080/0952813X.2020.1785019},
URL = {https://doi.org/10.1080/0952813X.2020.1785019},
eprint = {https://doi.org/10.1080/0952813X.2020.1785019}
}

@article{DeepRepresentationClusteringTweets,
  author    = {Oguzhan Gencoglu},
  title     = {Deep Representation Learning for Clustering of Health Tweets},
  journal   = {CoRR},
  volume    = {abs/1901.00439},
  year      = {2019},
  url       = {http://arxiv.org/abs/1901.00439},
  archivePrefix = {arXiv},
  eprint    = {1901.00439},
  timestamp = {Thu, 31 Jan 2019 13:52:49 +0100},
  biburl    = {https://dblp.org/rec/journals/corr/abs-1901-00439.bib},
  bibsource = {dblp computer science bibliography, https://dblp.org}
}

@article{UnsupervisedDeepEmbeddingClustering,
  author    = {Junyuan Xie and
               Ross B. Girshick and
               Ali Farhadi},
  title     = {Unsupervised Deep Embedding for Clustering Analysis},
  journal   = {CoRR},
  volume    = {abs/1511.06335},
  year      = {2015},
  url       = {http://arxiv.org/abs/1511.06335},
  archivePrefix = {arXiv},
  eprint    = {1511.06335},
  timestamp = {Mon, 13 Aug 2018 16:48:40 +0200},
  biburl    = {https://dblp.org/rec/journals/corr/XieGF15.bib},
  bibsource = {dblp computer science bibliography, https://dblp.org}
}

@INPROCEEDINGS{FuzzyIncrementalTopicDetection,  
author={Abou-Of, Mona A.},  
booktitle={2020 11th International Conference on Information and Communication Systems (ICICS)},
title={A Fuzzy, Incremental and Semantic Trending Topic Detection in Social Feeds}, 
year={2020},  
volume={},  
number={},  
pages={118-124},  
doi={10.1109/ICICS49469.2020.239492}}

@misc{mokey_learn,
    title={Text Classification with Machine Learning \& NLP},
    author={Monkey Learn},
    url = {https://monkeylearn.com/text-classification/},
    year=2020
}

% -------------------------------------------------------
%                   Modelos Pre-Entrenados
% -------------------------------------------------------

@inproceedings{bertweet,
title     = {{BERTweet: A pre-trained language model for English Tweets}},
author    = {Dat Quoc Nguyen and Thanh Vu and Anh Tuan Nguyen},
booktitle = {Proceedings of the 2020 Conference on Empirical Methods in Natural Language Processing: System Demonstrations},
year      = {2020}
}

@inproceedings{CaneteCFP2020,
  title={Spanish Pre-Trained BERT Model and Evaluation Data},
  author={Cañete, José and Chaperon, Gabriel and Fuentes, Rodrigo and Ho, Jou-Hui and Kang, Hojin and Pérez, Jorge},
  booktitle={PML4DC at ICLR 2020},
  year={2020}
}

@article{muller2020covid,
  title={COVID-Twitter-BERT: A Natural Language Processing Model to Analyse COVID-19 Content on Twitter},
  author={M{\"u}ller, Martin and Salath{\'e}, Marcel and Kummervold, Per E},
  journal={arXiv preprint arXiv:2005.07503},
  year={2020}
}

% -------------------------------------------------------
%                   REFERENCIAS P2 y P3
% -------------------------------------------------------
@Inbook{DC_SPRINGER,
    author={{Dunja Mladeni} and {Janez Brank} and {Marko Grobelnik}},
    title = {Document Classification},
    year = {2011},
    bookTitle={Encyclopedia of Machine Learning},
    publisher={Springer US},
    address={Boston, MA},
}

@Article{DC_REUTERS,
    author={{Giannis Nikolentzos} and {Antoine Tixier} and {Michalis Vazirgiannis}},
    title={Message Passing Attention Networks for Document Understanding},
    year={2019}
}

@Article{DC_BERT_ELMO,
    author = {{Yifan Peng} and {Shankai Yan} and {Zhiyong Lu}},
    title = {Transfer Learning in Biomedical Natural Language Processing: An Evaluation of BERT and ELMo on Ten Benchmarking Datasets},
    year = {2019}
}

@Article{DC_DOCBERT,
    author={{Ashutosh Adhikari} and {Achyudh Ram} and {Raphael Tang} and {Jimmy Lin}},
    title={DocBERT: BERT for Document Classification},
    year = {2019},
}

@Article{DC_REG_EMBEDDING,
    author={{Vít Novotný} and {Eniafe Festus Ayetiran} and {Michal Štefánik} and {Petr Sojka}},
    title={Text classification with word embedding regularization and soft similarity measure},
    year = {2020}
}


% -------------------------------------------------------
%                   REFERENCIAS P4
% -------------------------------------------------------

@article{DeepRanked,
author = {Pang, Liang and Lan, Yanyan and Guo, Jiafeng and Xu, Jun and Xu, Jingfang and Cheng, Xueqi},
year = {2017},
month = {10},
pages = {},
title = {DeepRank: A New Deep Architecture for Relevance Ranking in Information Retrieval},
doi = {10.1145/3132847.3132914}
}

@article{BertQA,
  author    = {Chris Alberti and
               Kenton Lee and
               Michael Collins},
  title     = {A {BERT} Baseline for the Natural Questions},
  journal   = {CoRR},
  volume    = {abs/1901.08634},
  year      = {2019},
  url       = {http://arxiv.org/abs/1901.08634},
  archivePrefix = {arXiv},
  eprint    = {1901.08634},
  timestamp = {Sat, 02 Feb 2019 16:56:00 +0100},
  biburl    = {https://dblp.org/rec/journals/corr/abs-1901-08634.bib},
  bibsource = {dblp computer science bibliography, https://dblp.org}
}

@article{9DistilBERT,
  title={DistilBERT, a distilled version of BERT: smaller, faster, cheaper and lighter},
  author={Victor Sanh and Lysandre Debut and Julien Chaumond and Thomas Wolf},
  journal={ArXiv},
  year={2019},
  volume={abs/1910.01108}
}

@inproceedings{squad,
    title = "{SQ}u{AD}: 100,000+ Questions for Machine Comprehension of Text",
    author = "Rajpurkar, Pranav  and
      Zhang, Jian  and
      Lopyrev, Konstantin  and
      Liang, Percy",
    booktitle = "Proceedings of the 2016 Conference on Empirical Methods in Natural Language Processing",
    month = nov,
    year = "2016",
    address = "Austin, Texas",
    publisher = "Association for Computational Linguistics",
    url = "https://www.aclweb.org/anthology/D16-1264",
    doi = "10.18653/v1/D16-1264",
    pages = "2383--2392",
}

@article{BERT_on_SQUAD,
  title     = {Exploring Neural Net Augmentation to {BERT} for Question Answering
               on {SQUAD} 2.0},
  journal   = {CoRR},
  volume    = {abs/1908.01767},
  year      = {2019},
  note      = {Withdrawn.},
  url       = {http://arxiv.org/abs/1908.01767},
  archivePrefix = {arXiv},
  eprint    = {1908.01767},
  timestamp = {Tue, 10 Dec 2019 11:38:21 +0100},
  biburl    = {https://dblp.org/rec/journals/corr/abs-1908-01767.bib},
  bibsource = {dblp computer science bibliography, https://dblp.org}
}

@InProceedings{lucene,
author="Li, Hang
and Li, Wanlong
and Wang, Guochun
and Peng, Xinyi",
editor="Liu, Chunfeng
and Wang, Leizhen
and Yang, Aimin",
title="Information Retrieval Services Based on Lucene Architecture",
booktitle="Information Computing and Applications",
year="2012",
publisher="Springer Berlin Heidelberg",
address="Berlin, Heidelberg",
pages="638--645",
isbn="978-3-642-34038-3"
}

@incollection{DL_IR,
title = {Chapter seven - Deep learning on information retrieval and its applications},
editor = {Himansu Das and Chittaranjan Pradhan and Nilanjan Dey},
booktitle = {Deep Learning for Data Analytics},
publisher = {Academic Press},
pages = {125-153},
year = {2020},
isbn = {978-0-12-819764-6},
doi = {https://doi.org/10.1016/B978-0-12-819764-6.00008-9},
url = {https://www.sciencedirect.com/science/article/pii/B9780128197646000089},
author = {Runjie Zhu and Xinhui Tu and Jimmy {Xiangji Huang}},
keywords = {Deep learning, information retrieval, representation learning-based methods, matching function learning, relevance learning},
}

% -------------------------------------------------------
%                   REFERENCIAS P5
% -------------------------------------------------------

@misc{PapersWithCodeBenchmark,
author = {{Papers With Code}},
year = {2021},
month = {05},
pages = {},
title = {Fake News Detection},
url={https://paperswithcode.com/task/fake-news-detection}
}

@inproceedings{grover,
    title={Defending Against Neural Fake News},
    author={Zellers, Rowan and Holtzman, Ari and Rashkin, Hannah and Bisk, Yonatan and Farhadi, Ali and Roesner, Franziska and Choi, Yejin},
    booktitle={Advances in Neural Information Processing Systems 32},
    year={2019}
}

@article{FightingInfodemic,
    title = {Fighting an Infodemic: COVID-19 Fake News Dataset},
    author = {Patwa, Parth and Sharma, Shivam and PYKL, Srinivas and Guptha, Vineeth and Kumari, Gitanjali and Akhtar, Shad and Ekbal, Asif and Das, Amitava and Chakraborty, Tanmoy},
    year={2020},
    month={November}
}

@article{Heuristic,
    title={A Heuristic-driven Ensemble Framework for COVID-19 Fake News Detection},
    author={Das, Sourya and Basak, Ayan and Dutta, Saikat},
    year={2021},
    month={January}
}

@article{Constraint,
    title={Constraint 2021: Machine Learning Models for COVID-19 Fake News Detection Shared Task},
    author={Felber, Thomas},
    year=2021,
    month={January}
}

@article{XLNetCovid,
    title={Fake News Detection System using XLNet model with Topic Distributions: CONSTRAINT@AAAI2021 Shared Task},
    author={Gautam, Akansha and V, Venktesh and Masud, Sarah},
    year=2021,
    month={January}
}

@article{TranformerBasedFineTuning,
    title={Transformer-based Language Model Fine-tuning Methods for COVID-19 Fake News Detection},
    author={Chen, Ben and Chen, Bien and Gao, Dehong and Chen, Qijin and Huo, Chengfu and Meng, Xiaonan and ren, Weijun and Zhou, Yang},
    year=2021,
    month={January}
}

@article{List1,
    title={An Efficient FAKE NEWS DETECTOR},
    author={Bhoir, Smita},
    year={2020},
    month={January}
}

@article{List2,
    title={Comparison of Fake News Detection using Machine Learning and Deep Learning Techniques},
    author={Alameri, Saeed and Mohd, Masnizah},
    year={2021},
    month={April}
}

@article{List3,
    title={Fake News Detection using Deep Learning Techniques},
    author={Hiramath, Chaitra and Deshpande, Prof},
    year={2019},
    month={April}
}

@article{List4,
    author={N, Smitha and R, Bharath},
    title={Performance Comparison of Machine Learning Classifiers for Fake News Detection},
    year={2020}
}

@misc{T5-generation,
    title ={FakeNews-Generator-And-Detector},
    author = {Smits, Robin},
    year = {2021},
    month={March}
}

@article{T5,
  author    = {Colin Raffel and
               Noam Shazeer and
               Adam Roberts and
               Katherine Lee and
               Sharan Narang and
               Michael Matena and
               Yanqi Zhou and
               Wei Li and
               Peter J. Liu},
  title     = {Exploring the Limits of Transfer Learning with a Unified Text-to-Text
               Transformer},
  journal   = {CoRR},
  volume    = {abs/1910.10683},
  year      = {2019},
  url       = {http://arxiv.org/abs/1910.10683},
  archivePrefix = {arXiv},
  eprint    = {1910.10683},
  timestamp = {Fri, 05 Feb 2021 15:43:41 +0100},
  biburl    = {https://dblp.org/rec/journals/corr/abs-1910-10683.bib},
  bibsource = {dblp computer science bibliography, https://dblp.org}
}