@misc{WorldMeter,
    title={{COVID-19 CORONAVIRUS PANDEMIC}},
    author={WorldMeter},
    year=2021
}

@misc{SocialNetworks,
    title = {{Social media - Statistics \& Facts}},
    author = {Statista},
    year=2021
}

@online{RedditDoc,
    title = {Reddit API Documentation},
    author = {Reddit},
    url={https://www.reddit.com/dev/api/}
}